<collection xmlns="http://www.loc.gov/MARC21/slim">
   <record>
      <leader>03147nam a2200481 i 4500</leader>
      <controlfield tag="001">6083906</controlfield>
      <controlfield tag="003">OCoLC</controlfield>
      <controlfield tag="005">20141006092403.0</controlfield>
      <controlfield tag="008">140425t20152015nyu      b    001 0 eng  </controlfield>
      <datafield ind1=" " ind2=" " tag="010">
         <subfield code="a">  2014015684</subfield>
      </datafield>
      <datafield ind1="7" ind2=" " tag="016">
         <subfield code="a">016015138</subfield>
         <subfield code="2">Uk</subfield>
      </datafield>
      <datafield ind1="7" ind2=" " tag="016">
         <subfield code="a">101631331</subfield>
         <subfield code="2">DNLM</subfield>
      </datafield>
      <datafield ind1=" " ind2=" " tag="020">
         <subfield code="a">9780826195951</subfield>
      </datafield>
      <datafield ind1=" " ind2=" " tag="020">
         <subfield code="a">0826195954</subfield>
      </datafield>
      <datafield ind1=" " ind2=" " tag="020">
         <subfield code="z">9780826195968 (e-book)</subfield>
      </datafield>
      <datafield ind1=" " ind2=" " tag="035">
         <subfield code="a">ocn878915209</subfield>
      </datafield>
      <datafield ind1=" " ind2=" " tag="039">
         <subfield code="a">exclude</subfield>
      </datafield>
      <datafield ind1=" " ind2=" " tag="040">
         <subfield code="a">DNLM/DLC</subfield>
         <subfield code="b">eng</subfield>
         <subfield code="e">rda</subfield>
         <subfield code="c">DLC</subfield>
         <subfield code="d">BTCTA</subfield>
         <subfield code="d">UKMGB</subfield>
         <subfield code="d">NLM</subfield>
         <subfield code="d">OCLCO</subfield>
         <subfield code="d">BDX</subfield>
         <subfield code="d">YDXCP</subfield>
         <subfield code="d">OCLCO</subfield>
         <subfield code="d">SPB</subfield>
         <subfield code="d">AEU</subfield>
      </datafield>
      <datafield ind1=" " ind2=" " tag="042">
         <subfield code="a">pcc</subfield>
      </datafield>
      <datafield ind1="0" ind2="0" tag="050">
         <subfield code="a">RC440</subfield>
         <subfield code="b">.R49 2015</subfield>
      </datafield>
      <datafield ind1="1" ind2="0" tag="060">
         <subfield code="a">WY 160</subfield>
      </datafield>
      <datafield ind1="0" ind2="0" tag="082">
         <subfield code="a">616.89/0231</subfield>
         <subfield code="2">23</subfield>
      </datafield>
      <datafield ind1=" " ind2=" " tag="090">
         <subfield code="a">RC440 .R49 2015</subfield>
         <subfield code="b">AEGMCT</subfield>
      </datafield>
      <datafield ind1="1" ind2=" " tag="100">
         <subfield code="a">Rhoads, Jacqueline,</subfield>
         <subfield code="d">1948- ,</subfield>
         <subfield code="e">author.</subfield>
         <subfield code="0">http://id.loc.gov/authorities/names/n85298830</subfield>
         <subfield code="0">http://viaf.org/viaf/11300255</subfield>
      </datafield>
      <datafield ind1="1" ind2="0" tag="245">
         <subfield code="a">Clinical consult to psychiatric nursing for advanced practice /</subfield>
         <subfield code="c">Jacqueline Rhoads (PhD, APRN-BC, CNL-BC, PMHNP-BE, FAANP), Patrick J. M. Murphy (PhD).</subfield>
      </datafield>
      <datafield ind1=" " ind2="1" tag="264">
         <subfield code="a">New York, NY :</subfield>
         <subfield code="b">Springer Publishing Company, LLC,</subfield>
         <subfield code="c">[2015]</subfield>
      </datafield>
      <datafield ind1=" " ind2="4" tag="264">
         <subfield code="c">©2015</subfield>
      </datafield>
      <datafield ind1=" " ind2=" " tag="300">
         <subfield code="a">xix, 624 pages ;</subfield>
         <subfield code="c">26 cm</subfield>
      </datafield>
      <datafield ind1=" " ind2=" " tag="336">
         <subfield code="a">text</subfield>
         <subfield code="2">rdacontent</subfield>
         <subfield code="0">http://id.loc.gov/vocabulary/contentTypes/txt</subfield>
      </datafield>
      <datafield ind1=" " ind2=" " tag="337">
         <subfield code="a">unmediated</subfield>
         <subfield code="2">rdamedia</subfield>
         <subfield code="0">http://id.loc.gov/vocabulary/mediaTypes/n</subfield>
      </datafield>
      <datafield ind1=" " ind2=" " tag="338">
         <subfield code="a">volume</subfield>
         <subfield code="2">rdacarrier</subfield>
         <subfield code="0">http://id.loc.gov/vocabulary/carriers/nc</subfield>
      </datafield>
      <datafield ind1=" " ind2=" " tag="504">
         <subfield code="a">Includes bibliographical references and index.</subfield>
      </datafield>
      <datafield ind1="0" ind2=" " tag="505">
         <subfield code="a">The psychiatric interview and diagnosis -- Psychotherapeutic management -- Behavioral therapy, cognitive behavioral therapy, and psychoanalysis -- Clinical neuroanatomy of the brain -- The relationship of psychopharmacology to neurotransmitters, receptors, signal transduction, and second messengers -- Principles of pharmacokinetics and pharmacodynamics -- Principles and management of psychiatric emergencies -- Behavioral and psychological disorders in the elderly -- Substance use disorders -- Psychotic disorders -- Mood disorders -- Anxiety disorders -- Somatic symptom and related disorders -- Dissociative disorders -- Sexual dysfunction -- Paraphilic disorders -- Feeding and eating disorders -- Personality disorders -- Sleep disorders -- Disorders presenting in infancy or early childhood (0-5 years of age) -- Disorders presenting in middle childhood (6-11 years of age) or adolescence (12-18 years of age).</subfield>
      </datafield>
      <datafield ind1=" " ind2=" " tag="596">
         <subfield code="a">29</subfield>
      </datafield>
      <datafield ind1=" " ind2="0" tag="650">
         <subfield code="a">Psychiatric nursing.</subfield>
         <subfield code="0">http://id.loc.gov/authorities/subjects/sh85108372</subfield>
      </datafield>
      <datafield ind1=" " ind2="0" tag="650">
         <subfield code="a">Psychology, Pathological.</subfield>
         <subfield code="0">http://id.loc.gov/authorities/subjects/sh85108479</subfield>
      </datafield>
      <datafield ind1=" " ind2="0" tag="650">
         <subfield code="a">Psychotropic drugs.</subfield>
         <subfield code="0">http://id.loc.gov/authorities/subjects/sh85108528</subfield>
      </datafield>
      <datafield ind1=" " ind2="0" tag="650">
         <subfield code="a">Psychopharmacology.</subfield>
         <subfield code="0">http://id.loc.gov/authorities/subjects/sh85108498</subfield>
      </datafield>
      <datafield ind1="1" ind2=" " tag="700">
         <subfield code="a">Murphy, Patrick J. M.,</subfield>
         <subfield code="e">author.</subfield>
         <subfield code="0">http://id.loc.gov/authorities/names/n2011183402</subfield>
         <subfield code="0">http://viaf.org/viaf/186080362</subfield>
      </datafield>
      <datafield ind1=" " ind2=" " tag="758">
         <subfield code="0">http://worldcat.org/entity/work/id/347531839</subfield>
      </datafield>
      <datafield ind1="0" ind2=" " tag="787">
         <subfield code="n">OCLC Work Id</subfield>
         <subfield code="o">http://worldcat.org/entity/work/id/347531839</subfield>
      </datafield>
      <datafield ind1=" " ind2=" " tag="949">
         <subfield code="a">RC440 .R49 2015</subfield>
         <subfield code="h">GR_MACEWAN</subfield>
         <subfield code="i">1007422312</subfield>
         <subfield code="p">86.24</subfield>
         <subfield code="k">AVAIL_SOON</subfield>
      </datafield>
      <datafield ind1=" " ind2=" " tag="926">
         <subfield code="a">RC440 .R49 2015</subfield>
         <subfield code="w">LC</subfield>
         <subfield code="c">1</subfield>
         <subfield code="i">1007422312</subfield>
         <subfield code="d">11/2/2015</subfield>
         <subfield code="e">10/14/2015</subfield>
         <subfield code="l">ON_SHELF</subfield>
         <subfield code="m">GR_MACEWAN</subfield>
         <subfield code="n">3</subfield>
         <subfield code="p">$86.24</subfield>
         <subfield code="r">Y</subfield>
         <subfield code="s">Y</subfield>
         <subfield code="t">BOOK</subfield>
         <subfield code="u">10/16/2014</subfield>
      </datafield>
   </record>
</collection>
